@book{RocketPropulsion,
Author = {Langton, Norman Harry},
ISBN = {0444196730},
Publisher = {American Elsevier Pub. Co.},
Series = {Space research and technology: v. 2},
Title = {Rocket propulsion.},
URL = {https://ucark.idm.oclc.org/login?url=https://search.ebscohost.com/login.aspx?direct=true&db=cat04436a&AN=uca.96627&site=eds-live&scope=site},
Year = {1970},
}

