@book{RocketPropulsion,
Author = {Langton, Norman Harry},
ISBN = {0444196730},
Publisher = {American Elsevier Pub. Co.},
Series = {Space research and technology: v. 2},
Title = {Rocket propulsion},
URL = {https://ucark.idm.oclc.org/login?url=https://search.ebscohost.com/login.aspx?direct=true&db=cat04436a&AN=uca.96627&site=eds-live&scope=site},
Year = {1970},
}

@book{newman,
	edition = {1},
	title = {Computational Physics},
	volume = {1},
	isbn = {978-1-4801-4551-1},
	volumes = {1},
	pagetotal = {549},
	publisher = {Mark Newman},
	author = {Newman, Mark},
	year = {2012}
}

@article{anis,
  title={Cold gas propulsion system-an ideal choice for remote sensing small satellites},
  author={Anis, Assad},
  journal={Remote sensing-advanced techniques and platforms},
  pages={447--462},
  year={2012},
  publisher={InTech}
}